<?xml version="1.0" encoding="UTF-8"?><record xmlns="http://www.loc.gov/MARC21/slim" xmlns:cinclude="http://apache.org/cocoon/include/1.0" xmlns:zs="http://www.loc.gov/zing/srw/">
  <leader>00590cz  a2200157n  4500</leader>
  <controlfield tag="001">n 2005026871</controlfield>
  <controlfield tag="003">DLC</controlfield>
  <controlfield tag="005">20050413110740.0</controlfield>
  <controlfield tag="008">050413n| acannaabn          |a aaa      </controlfield>
  <datafield tag="010" ind1=" " ind2=" ">
    <subfield code="a">n 2005026871</subfield>
  </datafield>
  <datafield tag="040" ind1=" " ind2=" ">
    <subfield code="a">DLC</subfield>
    <subfield code="b">eng</subfield>
    <subfield code="c">DLC</subfield>
  </datafield>
  <datafield tag="100" ind1="1" ind2=" ">
    <subfield code="a">Smith, Will,</subfield>
    <subfield code="d">1975-</subfield>
  </datafield>
  <datafield tag="400" ind1="1" ind2=" ">
    <subfield code="a">Smith, William,</subfield>
    <subfield code="d">1975-</subfield>
  </datafield>
  <datafield tag="400" ind1="1" ind2=" ">
    <subfield code="a">Smity, Verlin William,</subfield>
    <subfield code="d">1975-</subfield>
  </datafield>
  <datafield tag="670" ind1=" " ind2=" ">
    <subfield code="a">Smith, Will. Maximum pc guide to building a dream pc, 2004:</subfield>
    <subfield code="b">t.p. (Will Smith)</subfield>
  </datafield>
  <datafield tag="670" ind1=" " ind2=" ">
    <subfield code="a">Email from author, rec'd. Apr. 6, 2005</subfield>
    <subfield code="b">(full name is Verlin William Smith III; born May 15, 1975; the PC building book is the only one I've written)</subfield>
  </datafield>
</record>